<record><leader>00000cas a2200000 a 4500</leader><controlfield tag="001">10014322</controlfield><controlfield tag="008">831014d198319uuiauwr ne      0   a0eng d</controlfield><datafield ind1=" " ind2=" " tag="010"><subfield code="a">sn 83004728 </subfield></datafield><datafield ind1=" " ind2=" " tag="040"><subfield code="a">NSD</subfield><subfield code="b">eng</subfield><subfield code="c">NSD</subfield><subfield code="d">INP</subfield><subfield code="d">NST</subfield><subfield code="d">INP</subfield><subfield code="d">NST</subfield><subfield code="d">NSD</subfield><subfield code="d">KNP</subfield><subfield code="d">OCL</subfield><subfield code="d">OCLCQ</subfield><subfield code="d">SERSO</subfield><subfield code="d">OCLCQ</subfield></datafield><datafield ind1=" " ind2=" " tag="012"><subfield code="i">8811</subfield><subfield code="j">0</subfield><subfield code="l">1</subfield><subfield code="m">d</subfield></datafield><datafield ind1="1" ind2=" " tag="022"><subfield code="a">0746-410X</subfield><subfield code="l">0746-410X</subfield><subfield code="2">1</subfield></datafield><datafield ind1=" " ind2=" " tag="037"><subfield code="b">Business Record, 516 Third Street, Des Moines, IA 50309</subfield></datafield><datafield ind1=" " ind2=" " tag="042"><subfield code="a">nsdp</subfield></datafield><datafield ind1="0" ind2=" " tag="130"><subfield code="a">Business record (Des Moines, Iowa)</subfield></datafield><datafield ind1=" " ind2="0" tag="222"><subfield code="a">Business record</subfield><subfield code="b">(Des Moines, Iowa)</subfield></datafield><datafield ind1="1" ind2="0" tag="245"><subfield code="a">Business record.</subfield></datafield><datafield ind1=" " ind2=" " tag="260"><subfield code="a">Des Moines, IA :</subfield><subfield code="b">Business Record,</subfield><subfield code="c">1983-</subfield></datafield><datafield ind1=" " ind2=" " tag="310"><subfield code="a">Weekly</subfield></datafield><datafield ind1="0" ind2=" " tag="362"><subfield code="a">[Vol. 79, no. 175] (Oct. 3-9, 1983)-</subfield></datafield><datafield ind1=" " ind2=" " tag="588"><subfield code="a">Description based on surrogate.</subfield></datafield><datafield ind1=" " ind2="4" tag="651"><subfield code="a">Des Moines (Iowa)</subfield><subfield code="v">Newspapers.</subfield></datafield><datafield ind1=" " ind2=" " tag="752"><subfield code="a">United States</subfield><subfield code="b">Iowa</subfield><subfield code="c">Polk</subfield><subfield code="d">Des Moines.</subfield></datafield><datafield ind1="0" ind2="0" tag="780"><subfield code="t">Des Moines daily business record</subfield><subfield code="x">0745-1806</subfield><subfield code="w">(DLC)sn 82007324</subfield></datafield><datafield ind1="0" ind2="0" tag="785"><subfield code="t">Des Moines business record</subfield><subfield code="x">1068-6681</subfield><subfield code="w">(DLC)sn 93002503</subfield></datafield><datafield ind1=" " ind2=" " tag="850"><subfield code="a">IaU</subfield></datafield><datafield ind1=" " ind2=" " tag="936"><subfield code="a">Oct. 3-9, 1983 (surrogate)</subfield></datafield><datafield ind1="1" ind2=" " tag="029"><subfield code="a">AU@</subfield><subfield code="b">000020407271</subfield></datafield></record>